@misc{HTML,
  title = {{HTML}: ภาษาเขียนเว็บ},
  howpublished = {สืบค้นจาก: \url{https://www.bu.ac.th/knowledgecenter/executive_journal/july_sep_11/pdf/aw32.pdf}},
  note = {ค้นเมื่อ: 2022-02-17}
}
@misc{Figma,
  title = {{Figma} คืออะไร ? ทำไมถึงเป็น Tool มาแรงที่สุดในวงการ Design!},
  howpublished = {สืบค้นจาก: \url{https://blog.skooldio.com/figma-ui-design-tool/}},
  note = {ค้นเมื่อ: 2022-02-17}
}
@misc{CSS,
  title = {{CSS} คืออะไร ? มีประโยชน์อย่างไรบ้าง},
  howpublished = {สืบค้นจาก: \url{https://www.wynnsoft-solution.net/th/article/view/80/?fbclid=IwAR23xpLXEOPl8Uty4r3DVJCA-WFOkdkFuTQNMsLZxvLSFuxUvlJpnDuJJZY}},
  note = {ค้นเมื่อ: 2022-02-17}
}
@misc{JavaScript,
  title = {แนะนำภาษา {JavaScript}},
  howpublished = {สืบค้นจาก: \url{http://marcuscode.com/lang/javascript/introducing-to-javascript?fbclid=IwAR1WFMOvtBXetphzFfOUh_47Nz111hUTwRkFT4gKsPjklwmEi5B1AsfpP9E}},
  note = {ค้นเมื่อ: 2022-02-17}
}
@misc{Nodejs,
  title = {ทำความรู้จักกับ {Node.js}},
  howpublished = {สืบค้นจาก: \url{http://marcuscode.com/tutorials/nodejs/introducing-nodejs?fbclid=IwAR2TsQYVIfQyXpBi_5WXO_nNakgwKSR5zDj_ce35n6xyCaPkB4I-VkucmMA}},
  note = {ค้นเมื่อ: 2022-02-17}
}
@misc{ReactJS,
  title = {เทคโนโลยี {React}101},
  howpublished = {สืบค้นจาก: \url{https://www.borntodev.com/2020/07/15/react-101/?fbclid=IwAR2LTViXimmOtJGyGAvFcOdsPh3FEdLnc4Q9ih4Ss0tPNUkLWeuZKp45Cfo}},
  note = {ค้นเมื่อ: 2022-02-17}
}
@misc{MySQL,
  title = {{MySQL} คืออะไร?},
  howpublished = {สืบค้นจาก: \url{https://zixzax.net/database/mysql-database-%E0%B8%84%E0%B8%B7%E0%B8%AD%E0%B8%AD%E0%B8%B0%E0%B9%84%E0%B8%A3/}},
  note = {ค้นเมื่อ: 2022-02-17}
}
@misc{1_JSON,
  title = {เจซัน},
  howpublished = {สืบค้นจาก: \url{https://th.wikipedia.org/wiki/เจซัน}},
  note = {ค้นเมื่อ: 2022-02-17}
}
@misc{2_JSON,
  title = {เข้าใจ {JSON} ใน5นาที},
  howpublished = {สืบค้นจาก: \url{https://www.borntodev.com/2020/02/28/what-is-json/}},
  note = {ค้นเมื่อ: 2022-02-17}
}
@misc{CMU_Calendar,
  title = {ปฏิทินการศึกษา ประจำปีการศึกษา 2564},
  howpublished = {สืบค้นจาก: \url{https://www.reg.cmu.ac.th/webreg/th/calendar/?fbclid=IwAR29KlYCsTafr1klOuGepS2vFZHHe8WXb1bQzYAaMyBTRKhHMnvCU3bKK_8}},
  note = {ค้นเมื่อ: 2022-02-17}
}

